

@article{altmann1999,
	doi = {10.1016/s0010-0277(99)00059-1},
	url = {https://doi.org/10.1016/s0010-0277(99)00059-1},
	year  = {1999},
	month = {dec},
	publisher = {Elsevier {BV}},
	volume = {73},
	number = {3},
	pages = {247--264},
	author = {Gerry T.M Altmann and Yuki Kamide},
	title = {Incremental interpretation at verbs: restricting the domain of subsequent reference},
	journal = {Cognition}
}
@book{austin1975,
	title =     {How to Do Things with Words: Second Edition },
	author =    {J. L. Austin, J. O. Urmson, Marina SbisÃ },
	publisher = {Harvard University Press},
	isbn =      {0674411528,9780674411524},
	year =      {1975},
	series =    {William James Lectures},
	edition =   {2},
	volume =    {},
	url =       {http://gen.lib.rus.ec/book/index.php?md5=DD0390DA2AB8DF9B3F7CF89B269D67E4}}
@book{barwise1998,
	title =     {Situations and Attitudes},
	author =    {Jon Barwise, John Perry},
	publisher = {CSLI Publ.},
	isbn =      {1575861933,9781575861937},
	year =      {1998},
	series =    {The David Hume Series},
	edition =   {},
	volume =    {},
	url =       {http://gen.lib.rus.ec/book/index.php?md5=748170632756D7C965798EC40B615487}}
@incollection{bever2013,
	doi = {10.1093/acprof:oso/9780199677139.003.0001},
	url = {https://doi.org/10.1093/acprof:oso/9780199677139.003.0001},
	year  = {2013},
	month = {aug},
	publisher = {Oxford University Press},
	pages = {1--80},
	author = {Thomas G. Bever},
	title = {The cognitive basis for linguistic structures1},
	booktitle = {Language Down the Garden Path}
}
@article{branca2012,
	author={Branca-Rosoff, S., Fleury, S., Lefeuvre, F., Pires, M.},
	title={Discours sur la ville. Présentation du Corpus de Français Parlé Parisien des années 2000 (CFPP2000)},
	year={2012},
	}

@article{cooper2005,
	author = {Cooper, Robin},
	title = {Records and Record Types in Semantic Theory},
	journal = {Journal of Logic and Computation},
	volume = {15},
	number = {2},
	pages = {99-112},
	year = {2005},
	doi = {10.1093/logcom/exi004},
	URL = {http://dx.doi.org/10.1093/logcom/exi004},
	eprint = {/oup/backfile/content_public/journal/logcom/15/2/10.1093/logcom/exi004/2/exi004.pdf}
}
@Article{copestake2005,
	author="Copestake, Ann
	and Flickinger, Dan
	and Pollard, Carl
	and Sag, Ivan A.",
	title="Minimal Recursion Semantics: An Introduction",
	journal="Research on Language and Computation",
	year="2005",
	month="Jul",
	day="01",
	volume="3",
	number="2",
	pages="281--332",
	issn="1572-8706",
	doi="10.1007/s11168-006-6327-9",
	url="https://doi.org/10.1007/s11168-006-6327-9"
}

@inproceedings{cost2000,
	author = {Cost, R. Scott and Chen, Ye and Finin, Timothy W. and Labrou, Yannis and Peng, Yun},
	title = {Using Colored Petri Nets for Conversation Modeling},
	booktitle = {Issues in Agent Communication},
	year = {2000},
	isbn = {3-540-41144-5},
	pages = {178--192},
	numpages = {15},
	url = {http://dl.acm.org/citation.cfm?id=646973.711376},
	acmid = {711376},
	publisher = {Springer-Verlag},
	address = {London, UK, UK},
}
@misc{dubois2000,
	author={Du Bois, John W. and Wallace L. Chafe and Charles Meyer and Sandra A. Thompson and Robert Englebretson and Nii Martey},
	year={2000-2005},
	title={{Santa Barbara corpus of spoken American English, Parts 1-4}},
	note={Philadelphia: Linguistic Data Consortium.}
	}
@article{egg1998,
	doi = {10.1093/jos/15.1.37},
	url = {https://doi.org/10.1093/jos/15.1.37},
	year  = {1998},
	month = {feb},
	publisher = {Oxford University Press ({OUP})},
	volume = {15},
	number = {1},
	pages = {37--82},
	author = {M Egg},
	title = {Wh-questions in underspecified minimal recursion semantics},
	journal = {Journal of Semantics}
}
@inproceedings{eshghi2015,
	title={Feedback in conversation as incremental semantic update},
	author={Eshghi, Arash and Howes, Christine and Gregoromichelaki, Eleni and Hough, Julian and Purver, Matthew},
	booktitle={Proceedings of the 11th International Conference on Computational Semantics},
	pages={261--271},
	year={2015}
}
@article{frank2016,
	doi = {10.31234/osf.io/f9y6b},
	url = {https://doi.org/10.31234/osf.io/f9y6b},
	year  = {2016},
	month = {sep},
	publisher = {Center for Open Science},
	author = {Michael C. Frank},
	title = {Rational speech act models of pragmatic reasoning in reference games}
}
@incollection{frege1997,
	author = {Gottlob Frege},
	publisher = {Blackwell},
	year = {1997},
	booktitle = {The Frege Reader},
	editor = {Michael Beaney},
	title = {Begriffsschrift. A Formula Language of Pure Thought Modelled on That of Arithmetic}
}
@incollection{ginzburg2011,
	author       = {Ginzburg, Jonathan}, 
	title        = {Situation Semantics and the Ontology of Natural Language},
	booktitle    = {Handbook of Semantics},
	publisher	 = {de Gruyter},
	editor       = {K. von Heusinger et al},
	year         = 2011,
	address      = {Berlin},
}
@book{ginzburg2012,
	title={The Interactive Stance},
	author={Ginzburg, Jonathan},
	isbn={9780199697922},
	lccn={2011942635},
	series={Oxford linguistics},
	url={https://books.google.fr/books?id=W4WOWZxKWZAC},
	year={2012},
	publisher={OUP Oxford}
}
@inproceedings{ginzburg2017,
	author = {Jonathan Ginzburg and Robin Cooper and Julian Hough and David Schlangen },
	title = {Incrementality and Clarification/Sluicing potential},
	booktitle = {Proceedings of  Sinn und Bedeutung 2016},
	year = {2017},
	location = {Edinburgh},
}
@unpublished{ginzburg2020,
	author      = "Jonathan Ginzburg",
	title       = "The Semantics of Dialogue",
	editor      = "Maria Aloni and Paul Dekker",
	booktitle   = "Cambridge Handbook of Formal Semantics",
	publisher   = "Cambridge University Press",
	note		= "to appear",		
}
@Book{grice1989,
	author = {Grice, H. P.},
	title = {Studies in the way of words},
	publisher = {Harvard University Press},
	year = {1989},
	address = {Cambridge, Mass},
	isbn = {9780674852716}
}
@inproceedings{hough2011,
	title={Incremental Semantics Driven Natural Language Generation with Self-Repairing Capability},
	author={Julian Hough},
	booktitle={RANLP Student Research Workshop},
	year={2011}
}
@InProceedings{hough2015,
	author = 	"Hough, Julian
	and Kennington, Casey
	and Schlangen, David
	and Ginzburg, Jonathan",
	title = 	"Incremental Semantics for Dialogue Processing: Requirements, and a      Comparison of Two Approaches     ",
	booktitle = 	"Proceedings of the 11th International Conference on Computational Semantics",
	year = 	"2015",
	publisher = 	"Association for Computational Linguistics",
	pages = 	"206--216",
	location = 	"London, UK",
	url = 	"http://www.aclweb.org/anthology/W15-0125"
}

@InCollection{hough2017,
	author    = {Hough, Julian  and  Purver, Matthew},
	title     = {Probabilistic Record Type Lattices for Incremental Reference Processing},
	booktitle = {Modern Perspectives in Type-Theoretical Semantics},
	month     = feb,
	year      = 2017,
	pages     = "189--222",
	editor    = "Chatzikyriakidis, Stergios  and  Luo, Zhaohui",
	publisher = "Springer International Publishing",
	address   = "",
	series    = "Studies in Linguistics and Philosophy",
	volume    = 98,
	isbn = "978-3-319-50420-9 / 978-3-319-50422-3",
	annote = "ISBN 978-3-319-50420-9 / 978-3-319-50422-3",
	issn = "0924-4662",
	doi       = "10.1007/978-3-319-50422-3_8",
	url       = {http://www.springer.com/us/book/9783319504209},
	url       = "http://dx.doi.org/10.1007/978-3-319-50422-3_8",
}
@book{kempson2001,
	title = "Dynamic syntax : the flow of language understanding",
	author = "Kempson, {Ruth M} and W Meyer-Viol and Gabbay, {D M}",
	year = "2001",
	language = "English",
	isbn = "0631176128",
	publisher = "Blackwell Publishers",
}
@book{levelt1993,
	title =     {Speaking: from intention to articulation  },
	author =    {Willem J. M. Levelt},
	publisher = {MIT Press},
	isbn =      {0262620898,9780262620895},
	year =      {1993},
	series =    {},
	edition =   {},
	volume =    {},
	url =       {http://gen.lib.rus.ec/book/index.php?md5=85F6FC5A127F019159E6F542AF3D70E8}}
@inproceedings{makino1998,
	title={LiLFes - Towards a Practical {HPSG} Parser},
	author={Takaki Makino and Minoru Yoshida and Kentaro Torisawa and Jun'ichi Tsujii},
	booktitle={COLING-ACL},
	year={1998}
}
@phdthesis{milward1991,
	author       = {David Milward}, 
	title        = {Axiomatic Grammar, Non-Constituent Coordination and Incremental Interpretation},
	school       = {University
	of Cambridge},
	year         = 1991,
}
@inproceedings{milward1994,
	author = {Milward, David and Cooper, Robin},
	title = {Incremental Interpretation: Applications, Theory, and Relationship to Dynamic Semantics},
	booktitle = {Proceedings of the 15th Conference on Computational Linguistics - Volume 2},
	series = {COLING '94},
	year = {1994},
	location = {Kyoto, Japan},
	pages = {748--754},
	numpages = {7},
	url = {https://doi.org/10.3115/991250.991267},
	doi = {10.3115/991250.991267},
	acmid = {991267},
	publisher = {Association for Computational Linguistics},
	address = {Stroudsburg, PA, USA},
}
@article{miyao2008,
	title={Feature Forest Models for Probabilistic {HPSG} Parsing},
	author={Yusuke Miyao and Jun'ichi Tsujii},
	journal={Computational Linguistics},
	year={2008},
	volume={34},
	pages={35-80}
}
@article{poesio1997,
	doi = {10.1111/0824-7935.00042},
	url = {https://doi.org/10.1111/0824-7935.00042},
	year  = {1997},
	month = {aug},
	publisher = {Wiley},
	volume = {13},
	number = {3},
	pages = {309--347},
	author = {Massimo Poesio and David R. Traum},
	title = {Conversational Actions and Discourse Situations},
	journal = {Computational Intelligence}
}
@inproceedings{purver2011,
	author = {Purver, Matthew and Eshghi, Arash and Hough, Julian},
	title = {Incremental Semantic Construction in a Dialogue System},
	booktitle = {Proceedings of the Ninth International Conference on Computational Semantics},
	series = {IWCS '11},
	year = {2011},
	location = {Oxford, United Kingdom},
	pages = {365--369},
	numpages = {5},
	url = {http://dl.acm.org/citation.cfm?id=2002669.2002713},
	acmid = {2002713},
	publisher = {Association for Computational Linguistics},
	address = {Stroudsburg, PA, USA},
} 
@book{sag2003,
	author    = {Ivan A. Sag and Thomas Wasow and Emily M. Bender}, 
	title     = {Syntactic Theory: A Formal Introduction},
	publisher = {Center for the study of language and information Stanford, California},
	year      = 2003,
	edition   = 2,
	month     = 6,
	lccn={2003010792},
	series={CSLI lecture notes},
}
@article{sag2015,
	author  = {Sag, Ivan A. and Thomas Wasow}, 
	title   = {Flexible Processing and the Design of Grammar},
	journal = {Journal of Psycholinguistic Research},
	year    = 2015,
	pages   = {47-63},
	volume  = 44
}
@inproceedings{sagae2007,
	title={{HPSG} Parsing with Shallow Dependency Constraints},
	author={Kenji Sagae and Yusuke Miyao and Jun'ichi Tsujii},
	booktitle={ACL},
	year={2007}
}
@incollection{tanenhaus1996,
	author={Tanenhaus, M. K. and Spivey-Knowlton and M. J., Eberhard, K. M. and Sedivy, J. C.},
	year={1996},
	title={Using eye movements to study spoken language comprehension: Evidence for visually mediated incremental interpretation},
	booktitle={Information integration in perception and communication},
	pages={457--478},
	address={Cambridge, MA},
	editor={T. Inui and J. L. McClelland},
	publisher={The MIT Press},
	volume={16},
	series={Attention and performance},
	}
@article{traxler1997,
	doi = {10.1080/027249897391982},
	url = {https://doi.org/10.1080/027249897391982},
	year  = {1997},
	month = {aug},
	publisher = {{SAGE} Publications},
	volume = {50},
	number = {3},
	pages = {481--497},
	author = {Matthew J. Traxler and Michael D. Bybee and Martin J. Pickering},
	title = {Influence of Connectives on Language Comprehension: Eye tracking Evidence for Incremental Interpretation},
	journal = {The Quarterly Journal of Experimental Psychology Section A}
}
@inproceedings{ytrestol2011,
	title       = {CuteForce - Deep Deterministic {HPSG} Parsing},
	author      = {Gisle Ytrest{\o}l},
	booktitle   = {IWPT},
	year        = {2011}
}
@inproceedings{schlangen2009,
	author = {Schlangen, David and Skantze, Gabriel},
	title = {A General, Abstract Model of Incremental Dialogue Processing},
	booktitle = {Proceedings of the 12th Conference of the European Chapter of the Association for Computational Linguistics},
	series = {EACL '09},
	year = {2009},
	location = {Athens, Greece},
	pages = {710--718},
	numpages = {9},
	url = {http://dl.acm.org/citation.cfm?id=1609067.1609146},
	acmid = {1609146},
	publisher = {Association for Computational Linguistics},
	address = {Stroudsburg, PA, USA},
} 
@article{schlesewsky2004,
	doi = {10.1016/j.lingua.2003.07.006},
	url = {https://doi.org/10.1016/j.lingua.2003.07.006},
	year  = {2004},
	month = {sep},
	publisher = {Elsevier {BV}},
	volume = {114},
	number = {9-10},
	pages = {1213--1234},
	author = {Matthias Schlesewsky and Ina Bornkessel},
	title = {On incremental interpretation: degrees of meaning accessed during sentence comprehension},
	journal = {Lingua}
}
@unpublished{stojanovic2011,
	TITLE = {{Situation Semantics}},
	AUTHOR = {Stojanovic, Isidora},
	URL = {https://jeannicod.ccsd.cnrs.fr/ijn_00629850},
	NOTE = {chapter for the volume Introduction to the Philosophy of John Perry, ed. by Raphael van Riel and Albert Newen},
	YEAR = {2011},
	MONTH = Oct,
	KEYWORDS = {situations ; partiality ; meaning ; attitude reports ; John Perry},
	PDF = {https://jeannicod.ccsd.cnrs.fr/ijn_00629850/file/situationsemantics.pdf},
	HAL_ID = {ijn_00629850},
	HAL_VERSION = {v1},
}
@article{tanenhaus1996,
	title={Using eye movements to study spoken language comprehension: Evidence for visually mediated incremental interpretation.},
	author={Tanenhaus, Michael K and Spivey-Knowlton, Michael J and Eberhard, Kathleen M and Sedivy, Julie C},
	year={1996},
	publisher={The MIT Press}
}
@book{bui2006,
	title = {A tractable DDN-POMDP Approach to Affective Dialogue Modeling for General Probabilistic Frame-based Dialogue Systems},
	author = {Trung H. Bui and Mannes Poel and Anton Nijholt and Job Zwiers},
	year = "2006",
	month = "9",
	series = "CTIT Technical Report Series",
	publisher = "Centre for Telematics and Information Technology (CTIT)",
	number = "06-65",
	address = "Netherlands",
}
@inproceedings{cost2000,
	author = {Cost, R. Scott and Chen, Ye and Finin, Timothy W. and Labrou, Yannis and Peng, Yun},
	title = {Using Colored Petri Nets for Conversation Modeling},
	booktitle = {Issues in Agent Communication},
	year = {2000},
	isbn = {3-540-41144-5},
	pages = {178--192},
	numpages = {15},
	url = {http://dl.acm.org/citation.cfm?id=646973.711376},
	acmid = {711376},
	publisher = {Springer-Verlag},
	address = {London, UK, UK},
}
@incollection{kamp2011,
	author = {Hans Kamp and Josef van Genabith and Uwe Reyle},
	title = {Discourse Representation Theory},
	booktitle = {Handbook of Philosophical Logic},
	year = 2011,
	volume=15,
	publisher={Springer},
	edition=2,
	address={Netherland},
	editor = {Dov Gabbay and Franz Guenthner},
	pages = {125-394},
}
@inproceedings{nishida1999,
	author={Kenji Nishida and Kentaro Torisawa and Jun-ichi Tsujii},
	year={1999},
	title={Efficient {HPSG} parsing algorithm with array unification},
	booktitle={Proceedings of Natural Language Pacific Rim Symposium '99 (NLPRS'99)},
	pages={144-149},
	location={Beijin, China}
	}
@inproceedings{paul2012,
	author = {Paul, Michael J.},
	title = {Mixed Membership Markov Models for Unsupervised Conversation Modeling},
	booktitle = {Proceedings of the 2012 Joint Conference on Empirical Methods in Natural Language Processing and Computational Natural Language Learning},
	series = {EMNLP-CoNLL '12},
	year = {2012},
	location = {Jeju Island, Korea},
	pages = {94--104},
	numpages = {11},
	url = {http://dl.acm.org/citation.cfm?id=2390948.2390960},
	acmid = {2390960},
	publisher = {Association for Computational Linguistics},
	address = {Stroudsburg, PA, USA},
} 

@inproceedings{torisawa1996,
	title={Computing Phrasal-signs in {HPSG} prior to Parsing},
	author={Kentaro Torisawa and Jun'ichi Tsujii},
	booktitle={COLING},
	year={1996}
}
@techreport{young1989,
	author = {S.J. Young and N.H. Russell and J.H.S Thornton},
	title = {Token Passing: a Simple Conceptual Model for Connected Speech Recognition Systems},
	institution = {},
	year = {1989}
}
@misc{betarte98,
	author = {Gustavo Betarte and Alvaro Tasistro},
	title = {Extension of Martin-Löf's Type Theory with Record Types and Subtyping},
	year = {1998}
}



